<?xml version="1.0" encoding="UTF-8"?><collection><record><leader>09055ntm a2200661 a 4500</leader><controlfield tag="001">006805665</controlfield><controlfield tag="003">MiAaHDL</controlfield><controlfield tag="005">20190719000000.0</controlfield><controlfield tag="006">m        d        </controlfield><controlfield tag="007">cr bn ---auaua</controlfield><controlfield tag="008">090601m16261627xx            00| ||ara d</controlfield><datafield tag="035" ind1=" " ind2=" "><subfield code="a">(MiU)006805665</subfield></datafield><datafield tag="035" ind1=" " ind2=" "><subfield code="a">sdr-miu006805665</subfield></datafield><datafield tag="040" ind1=" " ind2=" "><subfield code="a">MiU</subfield><subfield code="c">MiU</subfield><subfield code="e">amremm</subfield></datafield><datafield tag="043" ind1=" " ind2=" "><subfield code="a">n-us-mi</subfield></datafield><datafield tag="100" ind1="1" ind2=" "><subfield code="6">880-01</subfield><subfield code="a">Bukhārī, Muḥammad ʻAlī ibn Mubārakshāh,</subfield><subfield code="d">-approximately 1340.</subfield></datafield><datafield tag="245" ind1="1" ind2="0"><subfield code="6">880-03</subfield><subfield code="a">Sharḥ Ḥikmat al-ʻayn maʻa Ḥāshiyat Mīrzā Jān,</subfield><subfield code="f">[1036 to 1037, i.e. 1626 to 1627].</subfield></datafield><datafield tag="246" ind1="3" ind2=" "><subfield code="i">Edge title (tail):</subfield><subfield code="a">شرح حكمة العين و حاشية [؟]</subfield></datafield><datafield tag="260" ind1=" " ind2=" "><subfield code="c">[1626 to 1627].</subfield></datafield><datafield tag="300" ind1=" " ind2=" "><subfield code="a">247 leaves :</subfield><subfield code="b">paper ;</subfield><subfield code="c">210 x 154 (150-155 x 70-80) mm.</subfield></datafield><datafield tag="500" ind1=" " ind2=" "><subfield code="a">Shelfmark: Ann Arbor, University of Michigan, Special Collections Library, Isl. Ms. 611</subfield></datafield><datafield tag="500" ind1=" " ind2=" "><subfield code="a">Origin: As appears in colophon on p.316, Sharḥ Ḥikmat al-ʻayn copied by Ismāʻīl al-Payāsī ( İsmail el-Peyâsî ) [al-Bayāsī, el-Beyâsî] in the madrasah of Mullā Aḥmad al-Chillī (Molla Ahmet el-Çillî) with transcription completed 3 Shaʻbān 1035 [ca. 30 April 1626]. As appears at close of ḥāshiyah on p.489, transcription completed 1036 [1626 or 7].</subfield></datafield><datafield tag="500" ind1=" " ind2=" "><subfield code="a">Accompanying materials: a. Acquisitions slip from Yahuda -- b. Inventory cataloguing slip in hand of Winifred Smeaton Thomas.</subfield></datafield><datafield tag="500" ind1=" " ind2=" "><subfield code="a">Former shelfmark: From interior of upper cover and label on fore edge flap "IL 191" (likely supplied by Yahuda, see acquisitions slip).</subfield></datafield><datafield tag="500" ind1=" " ind2=" "><subfield code="a">Binding: Pasteboards covered in laid, comb marbled paper (in orange, blue, etc., see flap) with black leather over spine, fore edge flap, and edges/turn-ins (framed binding) ; Type II binding (with flap) ; board linings in untinted laid paper ; fore edge flap lined in textile [linen ?] with stripes in green, purple, and white ; sewn in dull pink or light brown thread, two stations ; overall in poor condition with significant abrasion, lifting and losses of leather and paper, delamination and losses of boards, some pest damage, etc.</subfield></datafield><datafield tag="500" ind1=" " ind2=" "><subfield code="a">Support: European laid paper of two main types ; opening work mainly in a paper with 9 laid lines per cm. (vertical), chain lines spaced 17-32 mm. apart (horizontal), and cross in an inverted teardrop watermark with letters below (55 mm. tall, see p.30, 31, 291, etc.), fairly thin and transluscent though sturdy, medium cream in color, well-burnished to glossy ; second work mainly in a paper with 8 laid lines per cm. (vertical), chain lines spaced 28 mm. apart (horizontal), and anchor in circle with trefoil above watermark (see p.318, 320, etc.), sturdy and well-burnished.</subfield></datafield><datafield tag="500" ind1=" " ind2=" "><subfield code="a">Decoration: Some abbreviation symbols rubricated ; overlining and textual dividers in the form of three inverted commas in red.</subfield></datafield><datafield tag="500" ind1=" " ind2=" "><subfield code="a">Script: Nastaʻlīq (talik) ; four elegant Turkish hands ; bold, though compact, and virtually serifless with characteristic inclination to the right and slight effect of words descending to baseline, as well as exaggerated thickness of horizontal strokes.</subfield></datafield><datafield tag="500" ind1=" " ind2=" "><subfield code="a">Layout: Written in 19 and 21-22 lines per page ; frame-ruled.</subfield></datafield><datafield tag="500" ind1=" " ind2=" "><subfield code="a">Collation: 15 V(150), IV+1 (159), IV (167), V (177), 2 IV(193), 3 V(223), 3 IV(247), i ; Chiefly quinions ; catchwords present ; foliation in black ink, Hindu-Arabic numerals (Sharḥ Ḥikmat al-ʻayn) ; pagination in black ink, Hindu-Arabic numerals (Ḥāshiyat Mīrzā Jān) ; pagination in pencil, Western numerals (entire volume), supplied during digitization (mistakenly skips two pages each between p.73-74 and p.401-402).</subfield></datafield><datafield tag="500" ind1=" " ind2=" "><subfield code="a">Colophon: [Sharḥ Ḥikmat al-ʻayn] "Scribal," reads "قد وقع الفراغ من تحرير هذه النسخة الشريفة المسماة بشرح حكمة العين في شهر شعبان في اليوم الثلاثة في وقت الضحى في ... في مدرسة ملا احمد الچلي سلمه [؟] الله العلي في تاريخ خمس وثلثين والف على يد اضعف الطلاب المحتاج الى رحمة الرب الغني غفر الله له ولوالديه واحسن اليهما واليه اجمعين امين يا مجيب السائلين اسماعيل الپياسى"</subfield></datafield><datafield tag="500" ind1=" " ind2=" "><subfield code="a">Explicit: [Sharḥ Ḥikmat al-ʻayn] "وليكن هذا اخر ما نورده في العلم الالهي ويتلوه القسم الثاني في الطبيعي والحمد لله على الاتمام وصلواته على محمد واله الاكرام وليكن هذا اخر ما اوردنا ايراده في شرح هذا القسم ولواهب العقل والحياة ومفيض العدل والخيرات حمد لا يعد ولا يحصى ... امين يا رب العالمين" ; [Ḥāshiyat Mīrzā Jān] "فليزم ان لا يقدر العقل على تعقلهما هذا اخر ما تيسر لي في الابحاث المتعلقة بمباحث الامور العامة والحمد لله مفيض الخير والكرامة نسأل الله تعالى ان يوفقني الاتمام ما في الكتاب والصلوة والسلام على افضل روي الحكمة وفضل الخطاب تمت الحاشية الشريفة المنسوبة الى المولى المحقق والهمام المدقق مولانا ميزا جان رحمة الله عليه والرضوان المتعلقة على شرح حكمة العين تاريخ سنة ۱۰۳۶"</subfield></datafield><datafield tag="500" ind1=" " ind2=" "><subfield code="a">Incipit: [Sharḥ Ḥikmat al-ʻayn] "اما بعد حمد الله فاطر ذوات العقول ... فان المولى الفاضل والحكيم الكامل شمس الملة والدين محمد بن مبارك شاه البخاري يقول قد التمس مني بعض اخواني في الدين ... ان اكتب لكتاب حكمة العين من مصنفات المولى العلامة ... نجم الملة والدين علي بن عمر الكاتبي القزويني ... شرحا يذلل عن الالفاظ صعابها ويكشف عن وجه المعاني التي فيها نقابها ..." ; [Ḥāshiyat Mīrzā Jān] "قوله [قال] ... الشاملة للمجرد والمادي ومقابلاتها اقول يحتمل ان يكون مقابلتها معطوفا ..."</subfield></datafield><datafield tag="500" ind1=" " ind2=" "><subfield code="a">Title from inscription on 'title page' (p.1).</subfield></datafield><datafield tag="500" ind1=" " ind2=" "><subfield code="a">Ms. codex.</subfield></datafield><datafield tag="505" ind1="0" ind2=" "><subfield code="a">4. p.490 : [blank].</subfield></datafield><datafield tag="505" ind1="0" ind2=" "><subfield code="a">3. p.318-p.489 : [Ḥāshiyat Mīrzā Jān ʻalá Sharḥ Ḥikmat al-ʻayn] / Mīrzā Jān Ḥabīb Allāh al-Shīrāzī al-Bāghandī.</subfield></datafield><datafield tag="505" ind1="0" ind2=" "><subfield code="a">2. p.317 : [contents listing for Ḥāshiyat Mīrzā Jān].</subfield></datafield><datafield tag="505" ind1="0" ind2=" "><subfield code="a">1. p.2-p.316 : Sharḥ Ḥikmat al-ʻayn / Muḥammad ʻAlī ibn Mubārakshāh al-Bukhārī.</subfield></datafield><datafield tag="510" ind1="4" ind2=" "><subfield code="a">Ḥājjī Khalīfah. Kashf al-ẓunūn,</subfield><subfield code="c">iii 103 no. 4586 ; iii 103</subfield></datafield><datafield tag="510" ind1="4" ind2=" "><subfield code="a">Brockelmann, C. GAL,</subfield><subfield code="c">I 466-7</subfield></datafield><datafield tag="520" ind1="8" ind2=" "><subfield code="a">Fine copy of the commentary by Shams al-Dīn Muḥammad ibn Mubārakshāh al-Bukhārī (d. ca. 1340) on Ḥikmat al-ʻayn, a treatise on metaphysics and the natural sciences by Najm al-Dīn ʻAlī ibn ʻUmar al-Kātibī al-Qazwīnī (d.1276), followed by the gloss of Mīrzā Jān Ḥabīb Allāh al-Shīrāzī al-Bāghandī (d.1586) on Ibn Mubārakshāh's commentary.</subfield></datafield><datafield tag="538" ind1=" " ind2=" "><subfield code="a">Mode of access: Internet.</subfield></datafield><datafield tag="541" ind1=" " ind2=" "><subfield code="a">Acquired in 1926 from the bookseller Isaac Benjamin S.E. Yahuda via purchase transacted on his behalf by Abraham Shalom Yahuda (1877-1951), his younger brother.</subfield></datafield><datafield tag="546" ind1=" " ind2=" "><subfield code="a">Arabic.</subfield></datafield><datafield tag="561" ind1=" " ind2=" "><subfield code="a">Effaced ownership statement on 'title page' (p.1) ; another ownership statement on 'title page' (p.1) in name of one ʻUthmān (Osman) reads "ثم استصحبه عثمان غفر له" ; also on 'title page' (p.1), oval seal impression dated 1276 [1859 or 60] in name of al-Sayyid Muḥammad Saʻīd ( السيد محمد سعيد ; Mehmet Sait ) ; extensive glosses ; occasional marginal corrections ; illegible oval seal impression on back flyleaf (p.492).</subfield></datafield><datafield tag="600" ind1="1" ind2="0"><subfield code="a">Bukhārī, Muḥammad ʻAlī ibn Mubārakshāh,</subfield><subfield code="d">d. ca. 1340.</subfield><subfield code="t">Sharḥ Ḥikmat al-ʻayn.</subfield></datafield><datafield tag="600" ind1="1" ind2="0"><subfield code="a">Qazwīnī, ʻAlī ibn ʻUmar,</subfield><subfield code="d">1203 or 4-1276 or 7.</subfield><subfield code="t">Ḥikmat al-ʻayn.</subfield></datafield><datafield tag="650" ind1=" " ind2="0"><subfield code="a">Manuscripts, Arabic</subfield><subfield code="z">Michigan</subfield><subfield code="z">Ann Arbor.</subfield></datafield><datafield tag="650" ind1=" " ind2="0"><subfield code="a">Islamic cosmology</subfield><subfield code="v">Early works to 1800.</subfield></datafield><datafield tag="650" ind1=" " ind2="0"><subfield code="a">Islamic philosophy</subfield><subfield code="v">Early works to 1800.</subfield></datafield><datafield tag="700" ind1="0" ind2=" "><subfield code="6">880-05</subfield><subfield code="a">İsmail Peyâsî,</subfield><subfield code="d">fl. 1626,</subfield><subfield code="e">scribe.</subfield></datafield><datafield tag="700" ind1="1" ind2="2"><subfield code="6">880-04</subfield><subfield code="a">Mīrzā Jān, Ḥabīb Allāh,</subfield><subfield code="d">-1586?</subfield><subfield code="t">Ḥāshiyat Mīrzā Jān ʻalá Sharḥ Ḥikmat al-ʻayn.</subfield></datafield><datafield tag="773" ind1="0" ind2=" "><subfield code="a">Yahuda Collection.</subfield></datafield><datafield tag="880" ind1="0" ind2=" "><subfield code="6">700-05/</subfield><subfield code="a">اسماعيل الپياسى,</subfield><subfield code="e">ناسخ.</subfield></datafield><datafield tag="880" ind1="1" ind2="2"><subfield code="6">700-04/</subfield><subfield code="a">ميرزا جان، حبيب الله.</subfield><subfield code="t">حاشية ميرزا جان على شرح حكمة العين.</subfield></datafield><datafield tag="880" ind1="1" ind2="0"><subfield code="6">245-03/</subfield><subfield code="a">شرح حكمة العين مع حاشية ميزا جان,</subfield><subfield code="f">[1036ه الى 1037ه, 1626م الى 1627م].</subfield></datafield><datafield tag="880" ind1="1" ind2=" "><subfield code="6">100-01/</subfield><subfield code="a">بخاري, محمد علي بن مباركشاه.</subfield></datafield><datafield tag="CID" ind1=" " ind2=" "><subfield code="a">006805665</subfield></datafield><datafield tag="DAT" ind1="0" ind2=" "><subfield code="a">20190719102637.0</subfield><subfield code="b">20190719000000.0</subfield></datafield><datafield tag="DAT" ind1="1" ind2=" "><subfield code="a">20190719090653.0</subfield><subfield code="b">2019-07-19T16:11:52Z</subfield></datafield><datafield tag="DAT" ind1="2" ind2=" "><subfield code="a">2015-10-02T18:00:03Z</subfield></datafield><datafield tag="CAT" ind1=" " ind2=" "><subfield code="a">SDR-MIU</subfield><subfield code="d">EX LIBRIS - ALEPH</subfield><subfield code="l">prepare.pl-004-008</subfield></datafield><datafield tag="FMT" ind1=" " ind2=" "><subfield code="a">BK</subfield></datafield><datafield tag="HOL" ind1=" " ind2=" "><subfield code="0">sdr-miu006805665</subfield><subfield code="a">MiU</subfield><subfield code="b">SDR</subfield><subfield code="c">MIU</subfield><subfield code="p">mdp.39015079127463</subfield><subfield code="s">MIU</subfield><subfield code="1">006805665</subfield></datafield><datafield tag="974" ind1=" " ind2=" "><subfield code="b">MIU</subfield><subfield code="c">MIU</subfield><subfield code="d">20190719</subfield><subfield code="s">lit-dlps-dc</subfield><subfield code="u">mdp.39015079127463</subfield><subfield code="y">1627</subfield><subfield code="r">pd</subfield><subfield code="q">bib</subfield><subfield code="t">non-US bib date2, date type m &lt; 1879</subfield></datafield></record></collection>